<record><leader>00000cas a22000007a 4500</leader><controlfield tag="001">15233488</controlfield><controlfield tag="008">870224u1854uuuudcuwr ne      0    0eng d</controlfield><datafield ind1=" " ind2=" " tag="010"><subfield code="a">sn 86090945 </subfield></datafield><datafield ind1=" " ind2=" " tag="040"><subfield code="a">PPM</subfield><subfield code="b">eng</subfield><subfield code="c">PPM</subfield><subfield code="d">OCLCQ</subfield></datafield><datafield ind1=" " ind2=" " tag="042"><subfield code="a">msc</subfield></datafield><datafield ind1="0" ind2="0" tag="245"><subfield code="a">State rights register.</subfield></datafield><datafield ind1="3" ind2="0" tag="246"><subfield code="a">State rights register and national economist</subfield></datafield><datafield ind1=" " ind2=" " tag="260"><subfield code="a">Washington [D.C. :</subfield><subfield code="b">s.n.]</subfield></datafield><datafield ind1=" " ind2=" " tag="310"><subfield code="a">Weekly</subfield></datafield><datafield ind1="0" ind2=" " tag="362"><subfield code="a">Vol. 1, no. 1 (July 22, 1854)-</subfield></datafield><datafield ind1=" " ind2=" " tag="500"><subfield code="a">"A political journal and general newspaper."</subfield></datafield><datafield ind1=" " ind2=" " tag="500"><subfield code="a">Editor: C.G. Baylor.</subfield></datafield><datafield ind1=" " ind2=" " tag="752"><subfield code="a">United States</subfield><subfield code="b">District of Columbia</subfield><subfield code="d">Washington.</subfield></datafield><datafield ind1="1" ind2=" " tag="029"><subfield code="a">AU@</subfield><subfield code="b">000025793630</subfield></datafield></record>